@book{Nicholas1998Handbook,
  author={Nicholas J. Higham},
  title={Handbook of Writing for the Mathematical Sciences},
  publisher={Society for Industrial and Applied Mathematics},
  year={1998},
  address={Philadelphia},
}

@book{goossens1994latex,
  title={The LATEX companion},
  author={Goossens, Michel and Mittelbach, Frank and Samarin, Alexander},
  volume={1},
  year={1994},
  publisher={Addison-Wesley Reading}
}

@article{hamilton2017inductive,
  title={Inductive representation learning on large graphs},
  author={Hamilton, Will and Ying, Zhitao and Leskovec, Jure},
  journal={Advances in neural information processing systems},
  volume={30},
  year={2017}
}

@article{kipf2016semi,
  title={Semi-supervised classification with graph convolutional networks},
  author={Kipf, Thomas N and Welling, Max},
  journal={arXiv preprint arXiv:1609.02907},
  year={2016}
}

@inproceedings{flash_eurosys16,
author = {Klimovic, Ana and Kozyrakis, Christos and Thereska, Eno and John, Binu and Kumar, Sanjeev},
title = {Flash Storage Disaggregation},
year = {2016},
isbn = {9781450342407},
publisher = {Association for Computing Machinery},
address = {New York, NY, USA},
url = {https://doi.org/10.1145/2901318.2901337},
doi = {10.1145/2901318.2901337},
booktitle = {Proceedings of the Eleventh European Conference on Computer Systems},
articleno = {29},
numpages = {15},
keywords = {flash, datacenter, network storage},
location = {London, United Kingdom},
series = {EuroSys '16}
}

@inproceedings {huvm_atc22,
author = {Sangjin Choi and Taeksoo Kim and Jinwoo Jeong and Rachata Ausavarungnirun and Myeongjae Jeon and Youngjin Kwon and Jeongseob Ahn},
title = {Memory Harvesting in {Multi-GPU} Systems with Hierarchical Unified Virtual Memory},
booktitle = {2022 USENIX Annual Technical Conference (USENIX ATC 22)},
year = {2022},
isbn = {978-1-939133-29-66},
address = {Carlsbad, CA},
pages = {625--638},
url = {https://www.usenix.org/conference/atc22/presentation/choi-sangjin},
publisher = {USENIX Association},
month = jul,
}

@inproceedings{swapadvisor_asplos20,
author = {Huang, Chien-Chin and Jin, Gu and Li, Jinyang},
title = {SwapAdvisor: Pushing Deep Learning Beyond the GPU Memory Limit via Smart Swapping},
year = {2020},
isbn = {9781450371025},
publisher = {Association for Computing Machinery},
address = {New York, NY, USA},
url = {https://doi.org/10.1145/3373376.3378530},
doi = {10.1145/3373376.3378530},
booktitle = {Proceedings of the Twenty-Fifth International Conference on Architectural Support for Programming Languages and Operating Systems},
pages = {1341–1355},
numpages = {15},
keywords = {scheduling and resource management, gpu, deep learning systems},
location = {Lausanne, Switzerland},
series = {ASPLOS '20}
}

@inproceedings{capuchin_asplos20,
author = {Peng, Xuan and Shi, Xuanhua and Dai, Hulin and Jin, Hai and Ma, Weiliang and Xiong, Qian and Yang, Fan and Qian, Xuehai},
title = {Capuchin: Tensor-Based GPU Memory Management for Deep Learning},
year = {2020},
isbn = {9781450371025},
publisher = {Association for Computing Machinery},
address = {New York, NY, USA},
url = {https://doi.org/10.1145/3373376.3378505},
doi = {10.1145/3373376.3378505},
booktitle = {Proceedings of the Twenty-Fifth International Conference on Architectural Support for Programming Languages and Operating Systems},
pages = {891–905},
numpages = {15},
keywords = {tensor access, deep learning training, gpu memory management},
location = {Lausanne, Switzerland},
series = {ASPLOS '20}
}

@inproceedings {dorylus_osdi21,
author = {John Thorpe and Yifan Qiao and Jonathan Eyolfson and Shen Teng and Guanzhou Hu and Zhihao Jia and Jinliang Wei and Keval Vora and Ravi Netravali and Miryung Kim and Guoqing Harry Xu},
title = {Dorylus: Affordable, Scalable, and Accurate {GNN} Training with Distributed {CPU} Servers and Serverless Threads},
booktitle = {15th USENIX Symposium on Operating Systems Design and Implementation (OSDI 21)},
year = {2021},
isbn = {978-1-939133-22-9},
pages = {495--514},
url = {https://www.usenix.org/conference/osdi21/presentation/thorpe},
publisher = {USENIX Association},
month = jul,
}

@inproceedings{farmemory_eurosys20,
author = {Amaro, Emmanuel and Branner-Augmon, Christopher and Luo, Zhihong and Ousterhout, Amy and Aguilera, Marcos K. and Panda, Aurojit and Ratnasamy, Sylvia and Shenker, Scott},
title = {Can Far Memory Improve Job Throughput?},
year = {2020},
isbn = {9781450368827},
publisher = {Association for Computing Machinery},
address = {New York, NY, USA},
url = {https://doi.org/10.1145/3342195.3387522},
doi = {10.1145/3342195.3387522},
booktitle = {Proceedings of the Fifteenth European Conference on Computer Systems},
articleno = {14},
numpages = {16},
location = {Heraklion, Greece},
series = {EuroSys '20}
}

@inproceedings {decibel_nsdi17,
author = {Mihir Nanavati and Jake Wires and Andrew Warfield},
title = {Decibel: Isolation and Sharing in Disaggregated {Rack-Scale} Storage},
booktitle = {14th USENIX Symposium on Networked Systems Design and Implementation (NSDI 17)},
year = {2017},
isbn = {978-1-931971-37-9},
address = {Boston, MA},
pages = {17--33},
url = {https://www.usenix.org/conference/nsdi17/technical-sessions/presentation/nanavati},
publisher = {USENIX Association},
month = mar,
}

@inproceedings {p3_osdi21,
author = {Swapnil Gandhi and Anand Padmanabha Iyer},
title = {P3: Distributed Deep Graph Learning at Scale},
booktitle = {15th {USENIX} Symposium on Operating Systems Design and Implementation ({OSDI} 21)},
year = {2021},
isbn = {978-1-939133-22-9},
pages = {551--568},
url = {https://www.usenix.org/conference/osdi21/presentation/gandhi},
publisher = {{USENIX} Association},
month = jul,
}

@inproceedings {gnnadvisor_osdi21,
author = {Yuke Wang and Boyuan Feng and Gushu Li and Shuangchen Li and Lei Deng and Yuan Xie and Yufei Ding},
title = {{GNNAdvisor}: An Adaptive and Efficient Runtime System for {GNN} Acceleration on {GPUs}},
booktitle = {15th USENIX Symposium on Operating Systems Design and Implementation (OSDI 21)},
year = {2021},
isbn = {978-1-939133-22-9},
pages = {515--531},
url = {https://www.usenix.org/conference/osdi21/presentation/wang-yuke},
publisher = {USENIX Association},
month = jul,
}

@article{hu2020open,
  title={Open graph benchmark: Datasets for machine learning on graphs},
  author={Hu, Weihua and Fey, Matthias and Zitnik, Marinka and Dong, Yuxiao and Ren, Hongyu and Liu, Bowen and Catasta, Michele and Leskovec, Jure},
  journal={Advances in neural information processing systems},
  volume={33},
  pages={22118--22133},
  year={2020}
}


@article{chen2018fastgcn,
  title={Fastgcn: fast learning with graph convolutional networks via importance sampling},
  author={Chen, Jie and Ma, Tengfei and Xiao, Cao},
  journal={arXiv preprint arXiv:1801.10247},
  year={2018}
}

@article{huang2018adaptive,
  title={Adaptive sampling towards fast graph representation learning},
  author={Huang, Wenbing and Zhang, Tong and Rong, Yu and Huang, Junzhou},
  journal={Advances in neural information processing systems},
  volume={31},
  year={2018}
}

@article{karypis1998fast,
  title={A fast and high quality multilevel scheme for partitioning irregular graphs},
  author={Karypis, George and Kumar, Vipin},
  journal={SIAM Journal on scientific Computing},
  volume={20},
  number={1},
  pages={359--392},
  year={1998},
  publisher={SIAM}
}

@article{wang2019dgl,
    title={Deep Graph Library: A Graph-Centric, Highly-Performant Package for Graph Neural Networks},
    author={Minjie Wang and Da Zheng and Zihao Ye and Quan Gan and Mufei Li and Xiang Song and Jinjing Zhou and Chao Ma and Lingfan Yu and Yu Gai and Tianjun Xiao and Tong He and George Karypis and Jinyang Li and Zheng Zhang},
    year={2019},
    journal={arXiv preprint arXiv:1909.01315}
}

@inproceedings{li2014scaling,
  title={Scaling distributed machine learning with the parameter server},
  author={Li, Mu and Andersen, David G and Park, Jun Woo and Smola, Alexander J and Ahmed, Amr and Josifovski, Vanja and Long, James and Shekita, Eugene J and Su, Bor-Yiing},
  booktitle={11th USENIX Symposium on Operating Systems Design and Implementation (OSDI 14)},
  pages={583--598},
  year={2014}
}

@article{angerd2020distributed,
  title={Distributed training of graph convolutional networks using subgraph approximation},
  author={Angerd, Alexandra and Balasubramanian, Keshav and Annavaram, Murali},
  journal={arXiv preprint arXiv:2012.04930},
  year={2020}
}

@article{ramezani2021learn,
  title={Learn Locally, Correct Globally: A Distributed Algorithm for Training Graph Neural Networks},
  author={Ramezani, Morteza and Cong, Weilin and Mahdavi, Mehrdad and Kandemir, Mahmut T and Sivasubramaniam, Anand},
  journal={arXiv preprint arXiv:2111.08202},
  year={2021}
}

@inproceedings{ma2019neugraph,
  title={$\{$NeuGraph$\}$: Parallel Deep Neural Network Computation on Large Graphs},
  author={Ma, Lingxiao and Yang, Zhi and Miao, Youshan and Xue, Jilong and Wu, Ming and Zhou, Lidong and Dai, Yafei},
  booktitle={2019 USENIX Annual Technical Conference (USENIX ATC 19)},
  pages={443--458},
  year={2019}
}

@article{zhu2019aligraph,
  title={Aligraph: a comprehensive graph neural network platform},
  author={Zhu, Rong and Zhao, Kun and Yang, Hongxia and Lin, Wei and Zhou, Chang and Ai, Baole and Li, Yong and Zhou, Jingren},
  journal={arXiv preprint arXiv:1902.08730},
  year={2019}
}

@article{jia2020improving,
  title={Improving the accuracy, scalability, and performance of graph neural networks with roc},
  author={Jia, Zhihao and Lin, Sina and Gao, Mingyu and Zaharia, Matei and Aiken, Alex},
  journal={Proceedings of Machine Learning and Systems},
  volume={2},
  pages={187--198},
  year={2020}
}

@inproceedings{zheng2020distdgl,
  title={Distdgl: distributed graph neural network training for billion-scale graphs},
  author={Zheng, Da and Ma, Chao and Wang, Minjie and Zhou, Jinjing and Su, Qidong and Song, Xiang and Gan, Quan and Zhang, Zheng and Karypis, George},
  booktitle={2020 IEEE/ACM 10th Workshop on Irregular Applications: Architectures and Algorithms (IA3)},
  pages={36--44},
  year={2020},
  organization={IEEE}
}

@inproceedings{tripathy2020reducing,
  title={Reducing communication in graph neural network training},
  author={Tripathy, Alok and Yelick, Katherine and Bulu{\c{c}}, Ayd{\i}n},
  booktitle={SC20: International Conference for High Performance Computing, Networking, Storage and Analysis},
  pages={1--14},
  year={2020},
  organization={IEEE}
}

@article{chah2017freebase,
  title={Freebase-triples: A methodology for processing the freebase data dumps},
  author={Chah, Niel},
  journal={arXiv preprint arXiv:1712.08707},
  year={2017}
}

@inproceedings{chiang2019cluster,
  title={Cluster-gcn: An efficient algorithm for training deep and large graph convolutional networks},
  author={Chiang, Wei-Lin and Liu, Xuanqing and Si, Si and Li, Yang and Bengio, Samy and Hsieh, Cho-Jui},
  booktitle={Proceedings of the 25th ACM SIGKDD International Conference on Knowledge Discovery \& Data Mining},
  pages={257--266},
  year={2019}
}

@article{zeng2019graphsaint,
  title={Graphsaint: Graph sampling based inductive learning method},
  author={Zeng, Hanqing and Zhou, Hongkuan and Srivastava, Ajitesh and Kannan, Rajgopal and Prasanna, Viktor},
  journal={arXiv preprint arXiv:1907.04931},
  year={2019}
}

@article{xu2018powerful,
  title={How powerful are graph neural networks?},
  author={Xu, Keyulu and Hu, Weihua and Leskovec, Jure and Jegelka, Stefanie},
  journal={arXiv preprint arXiv:1810.00826},
  year={2018}
}

@inproceedings{dai2016discriminative,
  title={Discriminative embeddings of latent variable models for structured data},
  author={Dai, Hanjun and Dai, Bo and Song, Le},
  booktitle={International conference on machine learning},
  pages={2702--2711},
  year={2016},
  organization={PMLR}
}

@inproceedings{eksombatchai2018pixie,
  title={Pixie: A system for recommending 3+ billion items to 200+ million users in real-time},
  author={Eksombatchai, Chantat and Jindal, Pranav and Liu, Jerry Zitao and Liu, Yuchen and Sharma, Rahul and Sugnet, Charles and Ulrich, Mark and Leskovec, Jure},
  booktitle={Proceedings of the 2018 world wide web conference},
  pages={1775--1784},
  year={2018}
}

@inproceedings{lei2019gcn,
  title={GCN-GAN: A non-linear temporal link prediction model for weighted dynamic networks},
  author={Lei, Kai and Qin, Meng and Bai, Bo and Zhang, Gong and Yang, Min},
  booktitle={IEEE INFOCOM 2019-IEEE Conference on Computer Communications},
  pages={388--396},
  year={2019},
  organization={IEEE}
}

@inproceedings{ying2018graph,
  title={Graph convolutional neural networks for web-scale recommender systems},
  author={Ying, Rex and He, Ruining and Chen, Kaifeng and Eksombatchai, Pong and Hamilton, William L and Leskovec, Jure},
  booktitle={Proceedings of the 24th ACM SIGKDD international conference on knowledge discovery \& data mining},
  pages={974--983},
  year={2018}
}

@article{konevcny2016federated,
  title={Federated learning: Strategies for improving communication efficiency},
  author={Kone{\v{c}}n{\`y}, Jakub and McMahan, H Brendan and Yu, Felix X and Richt{\'a}rik, Peter and Suresh, Ananda Theertha and Bacon, Dave},
  journal={arXiv preprint arXiv:1610.05492},
  year={2016}
}

@article{bonawitz2019towards,
  title={Towards federated learning at scale: System design},
  author={Bonawitz, Keith and Eichner, Hubert and Grieskamp, Wolfgang and Huba, Dzmitry and Ingerman, Alex and Ivanov, Vladimir and Kiddon, Chloe and Kone{\v{c}}n{\`y}, Jakub and Mazzocchi, Stefano and McMahan, Brendan and others},
  journal={Proceedings of Machine Learning and Systems},
  volume={1},
  pages={374--388},
  year={2019}
}

@article{lin2021fednlp,
  title={Fednlp: A research platform for federated learning in natural language processing},
  author={Lin, Bill Yuchen and He, Chaoyang and Zeng, Zihang and Wang, Hulin and Huang, Yufen and Soltanolkotabi, Mahdi and Ren, Xiang and Avestimehr, Salman},
  journal={arXiv preprint arXiv:2104.08815},
  year={2021}
}

@inproceedings{gilmer2017neural,
  title={Neural message passing for quantum chemistry},
  author={Gilmer, Justin and Schoenholz, Samuel S and Riley, Patrick F and Vinyals, Oriol and Dahl, George E},
  booktitle={International conference on machine learning},
  pages={1263--1272},
  year={2017},
  organization={PMLR}
}

@article{paszke2019pytorch,
  title={Pytorch: An imperative style, high-performance deep learning library},
  author={Paszke, Adam and Gross, Sam and Massa, Francisco and Lerer, Adam and Bradbury, James and Chanan, Gregory and Killeen, Trevor and Lin, Zeming and Gimelshein, Natalia and Antiga, Luca and others},
  journal={Advances in neural information processing systems},
  volume={32},
  year={2019}
}

@article{wang2019deep,
  title={Deep graph library: A graph-centric, highly-performant package for graph neural networks},
  author={Wang, Minjie and Zheng, Da and Ye, Zihao and Gan, Quan and Li, Mufei and Song, Xiang and Zhou, Jinjing and Ma, Chao and Yu, Lingfan and Gai, Yu and others},
  journal={arXiv preprint arXiv:1909.01315},
  year={2019}
}


@article{corso2020principal,
  title={Principal neighbourhood aggregation for graph nets},
  author={Corso, Gabriele and Cavalleri, Luca and Beaini, Dominique and Li{\`o}, Pietro and Veli{\v{c}}kovi{\'c}, Petar},
  journal={Advances in Neural Information Processing Systems},
  volume={33},
  pages={13260--13271},
  year={2020}
}


@inproceedings{chen2020simple,
  title={Simple and deep graph convolutional networks},
  author={Chen, Ming and Wei, Zhewei and Huang, Zengfeng and Ding, Bolin and Li, Yaliang},
  booktitle={International Conference on Machine Learning},
  pages={1725--1735},
  year={2020},
  organization={PMLR}
}

@article{velivckovic2017graph,
  title={Graph attention networks},
  author={Veli{\v{c}}kovi{\'c}, Petar and Cucurull, Guillem and Casanova, Arantxa and Romero, Adriana and Lio, Pietro and Bengio, Yoshua},
  journal={arXiv preprint arXiv:1710.10903},
  year={2017}
}

@article{alistarh2017qsgd,
  title={QSGD: Communication-efficient SGD via gradient quantization and encoding},
  author={Alistarh, Dan and Grubic, Demjan and Li, Jerry and Tomioka, Ryota and Vojnovic, Milan},
  journal={Advances in Neural Information Processing Systems},
  volume={30},
  year={2017}
}


@inproceedings{strom2015scalable,
  title={Scalable distributed DNN training using commodity GPU cloud computing},
  author={Strom, Nikko},
  booktitle={Sixteenth Annual Conference of the International Speech Communication Association},
  year={2015}
}

@article{wan2022pipegcn,
  title={PipeGCN: Efficient full-graph training of graph convolutional networks with pipelined feature communication},
  author={Wan, Cheng and Li, Youjie and Wolfe, Cameron R and Kyrillidis, Anastasios and Kim, Nam Sung and Lin, Yingyan},
  journal={arXiv preprint arXiv:2203.10428},
  year={2022}
}


@inproceedings{fey2021gnnautoscale,
  title={Gnnautoscale: Scalable and expressive graph neural networks via historical embeddings},
  author={Fey, Matthias and Lenssen, Jan E and Weichert, Frank and Leskovec, Jure},
  booktitle={International Conference on Machine Learning},
  pages={3294--3304},
  year={2021},
  organization={PMLR}
}


@article{amazon,
  Note = {\url{https://amzscout.net/blog/amazon-statistics/}},

}

@article{facebook,
  Note = {\url{https://backlinko.com/facebook-users/}},

}

@inproceedings{chen2018stochastic,
  title={Stochastic Training of Graph Convolutional Networks with Variance Reduction},
  author={Chen, Jianfei and Zhu, Jun and Song, Le},
  booktitle={International Conference on Machine Learning},
  pages={942--950},
  year={2018},
  organization={PMLR}
}

@inproceedings{chen2020asynchronous,
  title={Asynchronous online federated learning for edge devices with non-iid data},
  author={Chen, Yujing and Ning, Yue and Slawski, Martin and Rangwala, Huzefa},
  booktitle={2020 IEEE International Conference on Big Data (Big Data)},
  pages={15--24},
  year={2020},
  organization={IEEE}
}

@article{li2020federated,
  title={Federated optimization in heterogeneous networks},
  author={Li, Tian and Sahu, Anit Kumar and Zaheer, Manzil and Sanjabi, Maziar and Talwalkar, Ameet and Smith, Virginia},
  journal={Proceedings of Machine Learning and Systems},
  volume={2},
  pages={429--450},
  year={2020}
}

@inproceedings{chai2021fedat,
  title={FedAT: a high-performance and communication-efficient federated learning system with asynchronous tiers},
  author={Chai, Zheng and Chen, Yujing and Anwar, Ali and Zhao, Liang and Cheng, Yue and Rangwala, Huzefa},
  booktitle={Proceedings of the International Conference for High Performance Computing, Networking, Storage and Analysis},
  pages={1--16},
  year={2021}
}

@inproceedings{lian2018asynchronous,
  title={Asynchronous decentralized parallel stochastic gradient descent},
  author={Lian, Xiangru and Zhang, Wei and Zhang, Ce and Liu, Ji},
  booktitle={International Conference on Machine Learning},
  pages={3043--3052},
  year={2018},
  organization={PMLR}
}

@inproceedings{zheng2017asynchronous,
  title={Asynchronous stochastic gradient descent with delay compensation},
  author={Zheng, Shuxin and Meng, Qi and Wang, Taifeng and Chen, Wei and Yu, Nenghai and Ma, Zhi-Ming and Liu, Tie-Yan},
  booktitle={International Conference on Machine Learning},
  pages={4120--4129},
  year={2017},
  organization={PMLR}
}

@article{chen2016revisiting,
  title={Revisiting distributed synchronous SGD},
  author={Chen, Jianmin and Pan, Xinghao and Monga, Rajat and Bengio, Samy and Jozefowicz, Rafal},
  journal={arXiv preprint arXiv:1604.00981},
  year={2016}
}

@article{cong2021importance,
  title={On the importance of sampling in learning graph convolutional networks},
  author={Cong, Weilin and Ramezani, Morteza and Mahdavi, Mehrdad},
  journal={arXiv preprint arXiv:2103.02696},
  year={2021}
}

@misc{plasma,
	title = {{The Plasma In-Memory Object Store}},
	howpublished = "\url{https://arrow.apache.org/docs/python/plasma.html}",
}

@incollection{wu2022graph,
  title={Graph neural networks},
  author={Wu, Lingfei and Cui, Peng and Pei, Jian and Zhao, Liang and Song, Le},
  booktitle={Graph Neural Networks: Foundations, Frontiers, and Applications},
  pages={27--37},
  year={2022},
  publisher={Springer}
}

@inproceedings{he2016identity,
  title={Identity mappings in deep residual networks},
  author={He, Kaiming and Zhang, Xiangyu and Ren, Shaoqing and Sun, Jian},
  booktitle={European conference on computer vision},
  pages={630--645},
  year={2016},
  organization={Springer}
}

@inproceedings{chen2020measuring,
  title={Measuring and relieving the over-smoothing problem for graph neural networks from the topological view},
  author={Chen, Deli and Lin, Yankai and Li, Wei and Li, Peng and Zhou, Jie and Sun, Xu},
  booktitle={Proceedings of the AAAI Conference on Artificial Intelligence},
  volume={34},
  number={04},
  pages={3438--3445},
  year={2020}
}

@article{chai2022distributed,
  title={Distributed Graph Neural Network Training with Periodic Historical Embedding Synchronization},
  author={Chai, Zheng and Bai, Guangji and Zhao, Liang and Cheng, Yue},
  journal={arXiv preprint arXiv:2206.00057},
  year={2022}
}

@article{sen2008collective,
  title={Collective classification in network data},
  author={Sen, Prithviraj and Namata, Galileo and Bilgic, Mustafa and Getoor, Lise and Galligher, Brian and Eliassi-Rad, Tina},
  journal={AI magazine},
  volume={29},
  number={3},
  pages={93--93},
  year={2008}
}
